@inproceedings{Kleinjung:2010:FRM:1881412.1881436,
 author = {Kleinjung, Thorsten and Aoki, Kazumaro and Franke, Jens and
     Lenstra, Arjen K. and Thom{\'e}, Emmanuel and Bos, Joppe W. and
     Gaudry, Pierrick and Kruppa, Alexander and Montgomery, Peter L. and
     Osvik, Dag Arne and Te Riele, Herman and Timofeev, Andrey and
     Zimmermann, Paul},
 title = {Factorization of a 768-bit RSA Modulus},
 booktitle = {Proceedings of the 30th Annual Conference on Advances
     in Cryptology},
 series = {CRYPTO'10},
 year = {2010},
 isbn = {3-642-14622-8, 978-3-642-14622-0},
 location = {Santa Barbara, CA, USA},
 pages = {333--350},
 numpages = {18},
 url = {http://dl.acm.org/citation.cfm?id=1881412.1881436},
 acmid = {1881436},
 publisher = {Springer-Verlag},
 address = {Berlin, Heidelberg},
 keywords = {RSA, number field sieve},
}

@ARTICLE{Boneh99twentyyears,
 author = {Dan Boneh},
 title = {Twenty Years of Attacks on the RSA Cryptosystem},
 journal = {Notices of the AMS},
 month = feb,
 year = {1999},
 volume = {46},
 pages = {203--213},
 numpages = {11},
 url = {http://www.ams.org/notices/199902/},
}

@article{Rivest:1978:MOD:359340.359342,
 author = {Rivest, R. L. and Shamir, A. and Adleman, L.},
 title = {A Method for Obtaining Digital Signatures and Public-key
     Cryptosystems},
 journal = {Commun. ACM},
 issue_date = {Feb. 1978},
 volume = {21},
 number = {2},
 month = feb,
 year = {1978},
 issn = {0001-0782},
 pages = {120--126},
 numpages = {7},
 url = {http://doi.acm.org/10.1145/359340.359342},
 doi = {10.1145/359340.359342},
 acmid = {359342},
 publisher = {ACM},
 address = {New York, NY, USA},
 keywords = {authentication, cryptography, digital signatures, electronic
     funds transfer, electronic mail, factorization, message-passing, prime
     number, privacy, public-key cryptosystems, security},
}
