@book{Walker:1990,
 author = {Walker, R.},
 title = {The Design and Application of Modular, Acoustic Diffusing Elements},
 issue_date = {Jan. 1990},
 month = jan,
 year = {1990},
 numpages = {8},
 url = {http://www.bbc.co.uk/rd/publications/rdreport_1990_15},
 publisher = {BBC R\&D},
 address = {London, UK},
}
