@book{Stallings:2002:CNS:599893,
 author = {Stallings, William},
 title = {Cryptography and Network Security: Principles and Practice},
 year = {2002},
 isbn = {0130914290},
 edition = {3rd},
 publisher = {Pearson Education},
 pages = {126},
}
