@article{Diffie:2006:NDC:2263321.2269104,
 author = {Diffie, W. and Hellman, M.},
 title = {New Directions in Cryptography},
 journal = {IEEE Trans. Inf. Theor.},
 issue_date = {November 1976},
 volume = {22},
 number = {6},
 month = sep,
 year = {2006},
 issn = {0018-9448},
 pages = {644--654},
 numpages = {11},
 url = {http://dx.doi.org/10.1109/TIT.1976.1055638},
 doi = {10.1109/TIT.1976.1055638},
 acmid = {2269104},
 publisher = {IEEE Press},
 address = {Piscataway, NJ, USA},
}

@misc{rfc5114,
 author="M. Lepinski and S. Kent",
 title="{Additional Diffie-Hellman Groups for Use with IETF Standards}",
 series="Request for Comments",
 number="5114",
 howpublished="RFC 5114 (Informational)",
 publisher="IETF",
 organization="Internet Engineering Task Force",
 year=2008,
 month=jan,
 url="{http://www.ietf.org/rfc/rfc5114.txt}",
}
