@techreport{Dworkin2015,
 doi = {10.6028/nist.fips.202},
 url = {http://dx.doi.org/10.6028/NIST.FIPS.202},
 year  = {2015},
 month = jul,
 institution = {National Institute of Standards and Technology ({NIST})},
 author = {Morris J. Dworkin},
 title = {{SHA}-3 Standard: Permutation-Based Hash and Extendable-Output Functions}
}

@misc{SpongeReference,
 author = {G. Bertoni and J. Daemen and M. Peeters and G. Van Assche},
 title = {Cryptographic sponge functions},
 note = {\url{http://sponge.noekeon.org/}},
 month = {January},
 year = {2011},
}

@misc{KeccakReference,
 author = {G. Bertoni and J. Daemen and M. Peeters and G. Van Assche},
 title = {The \textsc{Keccak} reference},
 note = {\url{http://keccak.noekeon.org/}},
 month = {January},
 year = {2011}
}
