@article{Matsumoto:1998:MTE:272991.272995,
 author = {Matsumoto, Makoto and Nishimura, Takuji},
 title = {Mersenne Twister: A 623-dimensionally Equidistributed Uniform
     Pseudo-random Number Generator},
 journal = {ACM Trans. Model. Comput. Simul.},
 issue_date = {Jan. 1998},
 volume = {8},
 number = {1},
 month = jan,
 year = {1998},
 issn = {1049-3301},
 pages = {3--30},
 numpages = {28},
 url = {http://doi.acm.org/10.1145/272991.272995},
 doi = {10.1145/272991.272995},
 acmid = {272995},
 publisher = {ACM},
 address = {New York, NY, USA},
 keywords = {<italic>k</italic>-distribution, <italic>m</italic>-sequences,
     GFSR, MT19937, Mersenne primes, Mersenne twister, TGFSR, finite fields,
     incomplete array, inversive-decimation method, multiple-recursive matrix
     method, primitive polynomials, random number generation, tempering},
}

@article{Miller:1976:RHT:1739937.1740086,
 author = {Miller, Gary L.},
 title = {Riemann's Hypothesis and Tests for Primality},
 journal = {J. Comput. Syst. Sci.},
 issue_date = {December, 1976},
 volume = {13},
 number = {3},
 month = dec,
 year = {1976},
 issn = {0022-0000},
 pages = {300--317},
 numpages = {18},
 url = {http://dx.doi.org/10.1016/S0022-0000(76)80043-8},
 doi = {10.1016/S0022-0000(76)80043-8},
 acmid = {1740086},
 publisher = {Academic Press, Inc.},
 address = {Orlando, FL, USA},
}
